@article{linguistics,
  author =       "Sam Tilsen and Debarghya Das and Bruce McKee",
  title =        "Real-time articulatory biofeedback with electromagnetic articulography",
  eventtitle =   "Linguistics Vanguard",
  year =         "in press",
  organization = {University of new brunswick},
  location =      {Fredericton, New Brunswick, Canada},
  DOI =          "http://dx.doi.org/10.1002/andp.19053221004"
}

@article{ml,
  author =       "Ashesh Jain and Debarghya Das and Ashutosh Saxena",
  title =        "PlanIt: A Crowdsourcing Approach for Learning to Plan Paths from Large Scale Preference Feedback",
  journal =      "Tech Report, ICRA",
  year =         "in press",
  DOI =          "http://arxiv.org/abs/1406.2616"
}
